<record><leader>00000cas a22000007a 4500</leader><controlfield tag="001">11193821</controlfield><controlfield tag="008">840925d18731902inudn ne      0    0eng c</controlfield><datafield ind1=" " ind2=" " tag="010"><subfield code="a">sn 84038050 </subfield></datafield><datafield ind1=" " ind2=" " tag="040"><subfield code="a">NPX</subfield><subfield code="b">eng</subfield><subfield code="c">NPX</subfield><subfield code="d">NPI</subfield><subfield code="d">DLC</subfield><subfield code="d">YOX</subfield><subfield code="d">DLC</subfield><subfield code="d">KRTAS</subfield><subfield code="d">OCLCQ</subfield><subfield code="d">OCLCF</subfield><subfield code="d">OCLCO</subfield></datafield><datafield ind1=" " ind2=" " tag="042"><subfield code="a">pcc</subfield></datafield><datafield ind1=" " ind2=" " tag="043"><subfield code="a">n-us-in</subfield></datafield><datafield ind1="0" ind2="0" tag="050"><subfield code="a">Newspaper 7701-X</subfield></datafield><datafield ind1="0" ind2="0" tag="245"><subfield code="a">South-Bend daily tribune.</subfield></datafield><datafield ind1="3" ind2="0" tag="246"><subfield code="a">South Bend Saturday tribune</subfield></datafield><datafield ind1=" " ind2=" " tag="260"><subfield code="a">South Bend, Ind. :</subfield><subfield code="b">[Tribune Print. Co.],</subfield><subfield code="c">1873-1902.</subfield></datafield><datafield ind1=" " ind2=" " tag="300"><subfield code="a">47 v. :</subfield><subfield code="b">ill. (chiefly advertisements) ;</subfield><subfield code="c">43 cm.</subfield></datafield><datafield ind1=" " ind2=" " tag="310"><subfield code="a">Daily (except Sunday)</subfield></datafield><datafield ind1="0" ind2=" " tag="362"><subfield code="a">Vol. 1, no. 1 (May 28, 1873)-v. 36, no. 5848 (Apr. 19, 1892) ; 19th year (Apr. 20, 1892)-29th year (May 24, 1902).</subfield></datafield><datafield ind1=" " ind2=" " tag="500"><subfield code="a">Also published as: South Bend daily tribune, &lt;Apr. 21, 1902&gt;-May 23, 1902.</subfield></datafield><datafield ind1=" " ind2=" " tag="500"><subfield code="a">On Sat. published as: South Bend Saturday tribune, &lt;Aug. 7, 1880&gt;-May 24, 1902.</subfield></datafield><datafield ind1=" " ind2=" " tag="500"><subfield code="a">Publisher from May 29, 1873 issue.</subfield></datafield><datafield ind1=" " ind2=" " tag="500"><subfield code="a">"Republican."</subfield></datafield><datafield ind1=" " ind2=" " tag="580"><subfield code="a">Also published in a weekly ed. called: The South-Bend weekly tribune, 1872-1909.</subfield></datafield><datafield ind1=" " ind2="0" tag="651"><subfield code="a">South Bend (Ind.)</subfield><subfield code="v">Newspapers.</subfield></datafield><datafield ind1=" " ind2="7" tag="655"><subfield code="a">Newspapers.</subfield><subfield code="2">fast</subfield><subfield code="0">(OCoLC)fst01423814</subfield></datafield><datafield ind1=" " ind2="7" tag="651"><subfield code="a">Indiana</subfield><subfield code="z">South Bend.</subfield><subfield code="2">fast</subfield><subfield code="0">(OCoLC)fst01208959</subfield></datafield><datafield ind1=" " ind2=" " tag="752"><subfield code="a">United States</subfield><subfield code="b">Indiana</subfield><subfield code="c">Saint Joseph</subfield><subfield code="d">South Bend.</subfield></datafield><datafield ind1="1" ind2=" " tag="775"><subfield code="t">South-Bend weekly tribune</subfield><subfield code="w">(DLC)sn 84038049</subfield><subfield code="w">(OCoLC)11194613</subfield></datafield><datafield ind1="0" ind2="0" tag="785"><subfield code="t">South Bend tribune</subfield><subfield code="w">(DLC)sn 82014542</subfield><subfield code="w">(OCoLC)8793233</subfield></datafield><datafield ind1=" " ind2=" " tag="938"><subfield code="a">Kirtas Technologies, Inc.</subfield><subfield code="b">KRTS</subfield><subfield code="n">738786</subfield></datafield></record>